@misc{DHS20,
	title = {{The DHS Program - Data}},
	year = {2020},
	month = {Dec},
	note = {[Online; accessed 11. Dec. 2020]},
	howpublished = "\url{https://dhsprogram.com/data}"}
}

@article{SAM08,
	author = {Al-Samarrai, Samer and Reilly, Barry},
	title = {{Education, Employment and Earnings of Secondary School and University Leavers in Tanzania: Evidence from a Tracer Study}},
	journal = {Journal of Development Studies},
	volume = {44},
	number = {2},
	pages = {258--288},
	year = {2008},
	month = {Feb},
	doi = {10.1080/00220380701789950}
}

@article{Vollmer2014Apr,
	author = {Vollmer, Sebastian and Harttgen, Kenneth and Subramanyam, Malavika A. and Finlay, Jocelyn and Klasen, Stephan and Subramanian, S. V.},
	title = {{Association between economic growth and early childhood undernutrition: evidence from 121 Demographic and Health Surveys from 36 low-income and middle-income countries}},
	journal = {Lancet Global Health},
	volume = {2},
	number = {4},
	pages = {e225--e234},
	year = {2014},
	month = {Apr},
	issn = {2214-109X},
	publisher = {Elsevier},
	doi = {10.1016/S2214-109X(14)70025-7}
}

@article{Semali2015Nov,
	author = {Semali, Innocent Antony and Tengia-Kessy, Anna and Mmbaga, Elia John and Leyna, Germana},
	title = {{Prevalence and determinants of stunting in under-five children in central Tanzania: remaining threats to achieving Millennium Development Goal 4}},
	journal = {BMC Public Health},
	volume = {15},
	number = {1},
	pages = {1153--6},
	year = {2015},
	month = {Nov},
	issn = {1471-2458},
	publisher = {BioMed Central},
	doi = {10.1186/s12889-015-2507-6}
}

@article{Nshimyiryo2019Dec,
	author = {Nshimyiryo, Alphonse and Hedt-Gauthier, Bethany and Mutaganzwa, Christine and Kirk, Catherine M. and Beck, Kathryn and Ndayisaba, Albert and Mubiligi, Joel and Kateera, Fredrick and El-Khatib, Ziad},
	title = {{Risk factors for stunting among children under five years: a cross-sectional population-based study in Rwanda using the 2015 Demographic and Health Survey}},
	journal = {BMC Public Health},
	volume = {19},
	number = {1},
	pages = {1--10},
	year = {2019},
	month = {Dec},
	issn = {1471-2458},
	publisher = {BioMed Central},
	doi = {10.1186/s12889-019-6504-z}
}

@misc{UNI18,
	title = {{Tanzania National Nutrition Survey using SMART Methodology 2018}},
	author={{Ministry of Health, Community Development, Gender, Elderly and Children (MoHCDGEC) [Tanzania Mainland], Ministry of Health (MoH) [Zanzibar], Tanzania Food and Nutrition Centre (TFNC), National Bu- reau of Statistics (NBS), Office of the Chief Government Statistician (OCGS) [Zanzibar] and UNICEF.}},
	year = {2018}
}

@misc{Health2016Dec,
	author = {{Ministry of Health, Community Development, Gender, Elderly and Children - MoHCDGEC/Tanzania Mainland} and Of Health- Moh/zanzibar, Ministry and Of Statistics- Nbs/tanzania, National Bureau and Of Chief Government Statistician- Ocgs/zanzibar, Office and Icf},
	title = {{Tanzania Demographic and Health Survey and Malaria Indicator Survey 2015-2016}},
	year = {2016},
	month = {Dec},
	note = {[Online; accessed 21. Dec. 2020]},
	url = {https://dhsprogram.com/publications/publication-fr321-dhs-final-reports.cfm}
}


@misc{UN20,
	title = {{Levels and Trends in Child Mortality: Report 2020, Estimates developed by the United Nations Inter-agency Group for Child Mortality Estimation}},
	author={{United Nations Interagency Group for Child Mortality Estimation (UN IGME)}},
	year = {2020}
}

@article{Akombi2017Aug,
	author = {Akombi, Blessing J. and Agho, Kingsley E. and Hall, John J. and Wali, Nidhi and Renzaho, Andre M. N. and Merom, Dafna},
	title = {{Stunting, Wasting and Underweight in Sub-Saharan Africa: A Systematic Review}},
	journal = {Int. J. Environ. Res. Public Health},
	volume = {14},
	number = {8},
	year = {2017},
	month = {Aug},
	publisher = {Multidisciplinary Digital Publishing Institute (MDPI)},
	doi = {10.3390/ijerph14080863}
}

@misc{Ettarh2012Mar,
	author = {Ettarh, Remare and Kimani, James},
	title = {{Determinants of under-five mortality in rural and urban Kenya}},
	volume = {12},
	number = {1},
	year = {2012},
	month = {Mar},
	note = {[Online; accessed 19. Dec. 2020]},
	doi = {10.22605/RRH1812}
}

@article{Who2020Sep,
	author = {Who, World Health Organization:},
	title = {{Children: improving survival and well-being}},
	journal = {World Health Organization: WHO},
	year = {2020},
	month = {Sep},
	publisher = {World Health Organization: WHO},
	url = {https://www.who.int/news-room/fact-sheets/detail/children-reducing-mortality}
}

@misc{UNICEF2006,
	author = {UNICEF (United Nations Children's Fund)},
	title = {{Children and Water, Sanitation and Hygiene: The Evidence {$\vert$} Human Development Reports}},
	year = {2006},
	month = {Dec},
	note = {[Online; accessed 19. Dec. 2020]},
	url = {http://hdr.undp.org/en/content/children-and-water-sanitation-and-hygiene-evidence}
}


@article{uddin2009,
	title = {Child Mortality in a Developing Country: A Statistical Analysis},
	year={2009},
	author = {Uddin, Jamal and Hossain, Zakir and Ullah, Mohammad Ohid},
	url = {https://eric.ed.gov/?id=EJ862376}
}
